@STRING{JWS = {Web Semantics: Science, Services and Agents on the World Wide Web}}

@inproceedings{GLR:WebSvcActMathDoc09,
  author = {Jana Giceva and Christoph Lange and Florian Rabe},
  title = {Integrating Web Services into Active Mathematical Documents},
  url = {https://svn.omdoc.org/repos/jomdoc/doc/pubs/mkm09/jobad/jobad-server.pdf},
  crossref = {MKM09},
  pubs = {jgiceva,clange,frabe,projects/jobad,projects/omdocbiblio},
  year = {2009}}

@inproceedings{LK:MathOntoAuthDoc09,
  author = {Christoph Lange and Michael Kohlhase},
  title = {A Mathematical Approach to Ontology Authoring and Documentation},
  url = {https://svn.omdoc.org/repos/omdoc/trunk/doc/blue/foaf/mkm09.pdf},
  crossref = {MKM09},
  pubs = {clange,mkohlhase,projects/krextor,projects/omdocbiblio},
  year = {2009}}

@misc{LK:OMDocOntologyLanguage08,
  author = {Ch. Lange and M. Kohlhase},
  title = {A Mathematical Approach to Ontology Authoring and Documentation},
  institution =  {Jacobs University Bremen},
  url = {https://svn.omdoc.org/repos/omdoc/trunk/doc/blue/foaf/note.pdf},
  howpublished = {\url{https://svn.omdoc.org/repos/omdoc/trunk/doc/blue/foaf/note.pdf}},
  year = 2009,
  type = {{KWARC} Report},}

@MISC{TNTBase:webpage,
  author = {V. Zholudev},
  key = {TNTBase},
  title = {{TNTBase}},
  note = {\url{https://trac.mathweb.org/tntbase/}},
  year = 2009}


@TECHREPORT{BrGu04:rdfs,
  title = {{RDF} Vocabulary Description Language 1.0: {RDF Schema}},
  institution = {W3C},
  year = {2004},
  type = {{R}ecommendation},
  author = {D. Brickley and R. V. Guha},
}

@TECHREPORT{McGvHa:owl04,
  title = {{OWL} Web Ontology Language Overview},
  institution = {W3C},
  year = {2004},
  type = {Recommendation},
  author = {D. L. McGuinness and van Harmelen, F.},
}

@book{DL-handbook07,
  editor    = {F. Baader and
               D. Calvanese and
               D. L. McGuinness and
               D. Nardi and
               P. F. Patel-Schneider},
  title     = {The Description Logic Handbook: Theory, Implementation,
               and Applications},
  edition = {2\textsuperscript{nd}},
  booktitle = {Description Logic Handbook},
  publisher = {Cambridge University Press},
  year      = 2007,
  isbn      = {9780521876254},
}

@TechReport{FOAF:spec-short,
  author = {D. Brickley and L. Miller},
  title =    {{FOAF} Vocabulary Specification 0.91},
  howpublished = {\url{http://xmlns.com/foaf/spec/20071002.html}},}

@TechReport{FOAF:spec,
  author = {D. Brickley and L. Miller},
  title =    {{FOAF} Vocabulary Specification 0.91},
  institution = {ILRT},
  howpublished = {\url{http://xmlns.com/foaf/spec/20071002.html}},
  year = 2007}

@Misc{Alford:MailFOAFmembershipClass2007,
  author =	 {R. Alford},
  title =	 {PROPOSAL: Deprecate {membershipClass}, add {memberOf}},
  howpublished = {E-mail},
  note = {\url{http://lists.foaf-project.org/pipermail/foaf-dev/2007-May/008551.html}},
  url = {http://lists.foaf-project.org/pipermail/foaf-dev/2007-May/008551.html},
  year =	 2007,
}

@INCOLLECTION{LanKoh:swmkm07,
  author = {Ch. Lange and M. Kohlhase},
  title = {{A Semantic Wiki for Mathematical Knowledge Management}},
  crossref = {ReDeRa:SWE07},
  pubs={mkohlhase,clange,projects/swim},
}

@BOOK{Kohlhase:omdoc1.2,
  title = {{\sc OMDoc} -- An open markup format for mathematical documents [Version 1.2]},
  booktitle = {{\sc OMDoc} -- An open markup format for mathematical documents [Version
    1.2]},
  publisher = {Springer},
  year = {2006},
  author = {M. Kohlhase},
  number = {4180},
  series = {LNAI},
  url = {http://omdoc.org/omdoc1.2.pdf},
pubs = {mkohlhase}
}

@TECHREPORT{AdidaEtAl08:RDFa,
  title = {{RDFa} in {XHTML}: Syntax and Processing},
  institution = {W3C},
  year = {2008},
  type = {{R}ecommendation},
  author = {B. Adida and M. Birbeck and S. McCarron and S. Pemberton},
}

@Book{ReDeRa:SWE07,
 year = 2008,
 editor = {J. Rech and B. Decker and E. Ras},
 title = {Emerging Technologies for Semantic Work Environments: Techniques,
                  Methods, and Applications},
 booktitle = {Emerging Technologies for Semantic Work Environments},
 publisher = {IGI Global},
 url = {http://www.igi-global.com/reference/details.asp?ID=7543},
}

@Article{GrauEtAl:OWL2,
  author = 	 {Cuenca Grau, B. and I. Horrocks and B. Motik and B. Parsia and P. Patel-Schneider and U. Sattler},
  title = 	 {{OWL} 2: The next step for {OWL}},
  journal = 	 JWS,
  year = 	 2008,
  volume =	 6,
  number = 4,
}

@InProceedings{RabeKohlhase:ExchangeModularKnowledge,
  author = 	 {F. Rabe and M. Kohlhase},
  title = 	 {An Exchange Format for Modular Knowledge},
  booktitle =	 {Knowledge Exchange: Automated Provers and Proof Assistants (KEAPPA)},
  year =	 2008,
  editor =	 {P. Rudnicki and G. Sutcliffe},
}

@TECHREPORT{BusCapCar:2oms04,
  Author = {St. Buswell and O. Caprotti and D. P. Carlisle and M.
    C. Dewar and M. Gaetano and M. Kohlhase},
  title = {The {Open Math} Standard, Version 2.0},
  institution = {Open Math Society},
  year = 2004,
  key = {Caprotti},
  pubtype = {standard},
  pubs = {mkohlhase}}

@MISC{MathML3:webpage,
  author = {{W3C}},
  title = {{Mathematical Markup Language (MathML) 3.0 (Third Edition)}},
  lastchecked = {October 2008},
  organization = {W3C},
}

@MISC{W3C08:SVGTiny1.2,
  author = {{W3C}},
  title = {{Scalable Vector Graphics (SVG) Tiny 1.2}},
  lastchecked = {December 2008},
  organization = {W3C},
}


@misc{krextor:webpage,
  key = {Krextor},
  title = {Krextor -- The {KWARC} {RDF} Extractor},
  author = {Ch. Lange},
  pubs = {clange},
  url = {http://kwarc.info/projects/krextor/},
  howpublished = {\url{http://kwarc.info/projects/krextor/}},
  lastchecked = nov,
  year = 2008}

@misc{krextor:webpage-short,
  key = {Krextor},
  title = {Krextor},
  author = {Ch. Lange},
  pubs = {clange},
  url = {http://kwarc.info/projects/krextor/},
  howpublished = {\url{http://kwarc.info/projects/krextor/}},
  lastchecked = nov,
  year = 2008}

@InProceedings{KMR:NoLMD08,
  author =      {M. Kohlhase and Ch. M{\"u}ller and F. Rabe},
  title =       {{Notations for Living Mathematical Documents}},
  crossref =    {CICM08},
  url =         {http://omdoc.org/pubs/mkm08-notations.pdf},
pubs={mkohlhase,frabe,cmueller}}

@InProceedings{KMR:NoLMD08-short,
  author =      {M. Kohlhase and Ch. M{\"u}ller and F. Rabe},
  title =       {{Notations for Living Mathematical Documents}},
  crossref =    {CICM08-short},
  url =         {http://omdoc.org/pubs/mkm08-notations.pdf},
pubs={mkohlhase,frabe,cmueller}}

@Article{MAF+01,
  author =   {E. Melis and E. Andr{\'e}s and J. B{\"u}denbender and A. Frischauf and
G. Goguadze and P. Libbrecht and M. Pollet and C. Ullrich},
  title =    {{ActiveMath: A generic and adaptive web-base learning environment}},
  journal =  {International Journal of Artificial Intelligence in Education},
  year =     2001,
  volume =   12,
  number =   {4}
}

@inproceedings{lange:swim-demo08,
  author = {Ch. Lange},
  title = {{SWiM} -- A semantic wiki for mathematical knowledge management},
  crossref={eswc2008},
  pubs={clange,projects/swim},
}

@inproceedings{lange:swim-demo08-short,
  author = {Ch. Lange},
  title = {{SWiM} -- A semantic wiki for math.\ knowledge mgmt.},
  crossref={eswc2008-short},
  pubs={clange,projects/swim},
}

@TECHREPORT{W3C:CoolURIs,
  title = {Cool {URI}s for the Semantic Web},
  institution = {W3C},
  year = {2008},
  type = {{Working Draft}},
  author = {L. Sauermann and R. Cyganiak},
}

@MISC{DCMI:dcmes08,
  key = {{Dublin Core} Metadata Element Set},
  title = {{Dublin Core} Metadata Element Set, Version 1.1},
  howpublished = {DCMI},
  year = 2008,
  url = {http://dublincore.org/documents/2008/01/04/dces/}
}

@TechReport{AALY08:ccREL,
  author = 	 {H. Abelson and B. Adida and M. Linksvayer and N. Yergler},
  title = 	 {{ccREL}: The {Creative Commons Rights Expression Language}},
  institution =  {Creative Commons},
  year = 	 {2008},
  url = 	 {http://wiki.creativecommons.org/Image:Ccrel-1.0.pdf},
  note = 	 {\url{http://wiki.creativecommons.org/Image:Ccrel-1.0.pdf}},
}

@misc{Marc:relators03,
  title = {{MARC} code list for Relators, Sources, Description Conventions},
  institution = {Library of Congress Network Development and MARC Standards Office},
  year = 2003,
  key = {MARC},
  url = {http://www.loc.gov/marc/relators},
  note = {\url{http://www.loc.gov/marc/relators}}
}


@TechReport{LeAMD6,
 author       =  {G. Goguadze and C. Ullrich and E. Melis and J. Siekmann and Ch. Gross
                  and R. Morales},
 title        =  {{LeActiveMath Structure and Metadata Model}},
  year        =  2004,
  rights      =  {public},
  selected    =  {false},
  projects =     {{LeActiveMath}},
  type        =  {{Deliverable}},
  number      =  {{D6}},
  },
}

@TECHREPORT{Johnston:MARC-DC05,
  author = {P. Johnston},
  title = {{MARC} Relator Properties in {Dublin Core} Metadata},
  institution = {UKOLN},
  year = {2005},
  url = {http://www.ukoln.ac.uk/metadata/dcmi/marcrel-ex/},
  note = {\url{http://www.ukoln.ac.uk/metadata/dcmi/marcrel-ex/}}}

@Misc{modeldriven.org:VersioningOntology,
  key = {{ModelDriven.org} Versioning Ontology},
  title =	 {{ModelDriven.org} Versioning Ontology},
  year =	 {2008},
  url = {http://modeldriven.org/2008/ArchitectureOntology/doc/Versioning.html},
  note = {\url{http://modeldriven.org/2008/ArchitectureOntology/doc/Versioning.html}}
}

@TechReport{EventOntology:spec,
  author = {Y. Raimond and S. Abdallah},
  title =    {The Event Ontology},
  howpublished = {\url{http://motools.sourceforge.net/event/}},
  note = {\url{http://motools.sourceforge.net/event/}},
  year = 2007}

@Misc{OMV:web,
  author =	 {J. Hartmann and R. Palma and P. Haase and A. G{\'o}mez-P{\'e}rez},
  title =	 {{Ontology Metadata Vocabulary -- OMV}},
  year =	 {2007},
  url = {http://omv.ontoware.org},
  howpublished = {\url{http://omv.ontoware.org}}
}

@MISC{RelaxNGWeb,
  title = {{A} {S}chema {L}anguage for {XML}},
  url = {http://www.relaxng.org/},
  howpublished = {\url{http://www.relaxng.org/}},
  key = {RelaxNG}
}

@InProceedings{LiEtAl:ValidatingOWL,
  author = {Y. F. Li and J. Sun and G. Dobbie and J. Sun and H. Wang},
  title = {Validating Semistructured Data using {OWL}},
  booktitle = {7\textsuperscript{th} International Conference on Web-Age Information Management (WAIM'06)},
  publisher = {Springer},
  year = 2006,
  series = {LNCS},
  volume = 4016,}

@Misc{specgen,
  author =	 {U. Boj{\=a}rs},
  title =	 {{SpecGen} 4 -- ontology specification generator for {RDFS} and {OWL}},
  url = {http://code.google.com/p/specgen},
  howpublished = {\url{http://code.google.com/p/specgen}},
}

@TechReport{w3c:owl2-functionalsyntax,
  author =   {B. Motik and P. F. Patel-Schneider and B. Parsia},
  title =    {{OWL} 2 Web Ontology Language: Structural Specification and Functional-Style Syntax},
  type = {Working Draft},
  institution =  {W3C},
  year =     2009,
  }

@TechReport{w3c:owl2-manchester,
  author =   {M. Horridge and P. F. Patel-Schneider},
  title =    {{OWL} 2 Web Ontology Language: Manchester Syntax},
  type = {Working Draft},
  institution =  {W3C},
  year =     2008,
  }

@TECHREPORT{W3C:RDFaTestSuite,
  title = {{RDFa} Test Suite},
  institution = {{W3C}},
  year = {2007},
  type = {{Editor's Draft}},
  url = {http://www.w3.org/2006/07/SWD/RDFa/testsuite/},
  note = {\url{http://www.w3.org/2006/07/SWD/RDFa/testsuite/}},
  author = {M. Hausenblas and W. C Yung},
}

@InProceedings{KutzEtAl:OWL-CASL08,
  author = 	 {O. Kutz and D. L{\"u}cke and T. Mossakowski and I. Normann},
  title = 	 {The {OWL} in the {CASL} -- Designing Ontologies Across Logics},
  booktitle =	 {OWL: Experiences and Directions},
  year =	 2008,
  editor =	 {U. Sattler and C. Dolbear and A. Ruttenberg},
}

@InProceedings{KutzEtAl:OWL-CASL08-short,
  author = 	 {O. Kutz and D. L{\"u}cke and T. Mossakowski and I. Normann},
  title = 	 {The {OWL} in the {CASL} -- Designing Ontologies Across Logics},
  booktitle =	 {OWL: Experiences and Directions},
  year =	 2008,
}

@BOOK{WalMue:dtdg2008,
  title = {{DocBook} 5.0: The Definitive Guide},
  publisher = {O'Reilly},
  year = 2008,
  author = {N. Walsh}
}

@TECHREPORT{W3C:HarvestRDFfromXLink,
  title = {Harvesting {RDF} Statements from {XLinks}},
  institution = {{W3C}},
  year = {2000},
  type = {{Note}},
  author = {Daniel, Jr., R.},
}

@InProceedings{SteerMiller:ValidatingRDF,
  author =   {D. Steer and L. Miller},
  title =    {Validating {RDF} with {TreeHugger} and {Schematron}},
  year =     2004,
  url = {http://swordfish.rdfweb.org/discovery/2004/07/validation/},
  note = {\url{http://swordfish.rdfweb.org/discovery/2004/07/validation/}},
  booktitle =    {FOAF Workshop Galway}}

@PROCEEDINGS{CICM08,
  title = {{Intelligent Computer Mathematics}, MKM 2008},
  key = {CICM08},
  year = 2008,
  editor = {Autexier, S. and Campbell, J. and Rubio, J. and Sorge, V. and Suzuki, M. and Wiedijk, F.},
  number = 5144,
  series = {LNAI},
  publisher = {Springer},
  booktitle = {{Intelligent Computer Mathematics}, MKM}
}

@PROCEEDINGS{CICM08-short,
  title = {{Intelligent Computer Mathematics}, MKM 2008},
  key = {CICM08},
  year = 2008,
  number = 5144,
  series = {LNAI},
  publisher = {Springer},
  booktitle = {{Intelligent Computer Mathematics}, MKM}
}

@proceedings{eswc2008,
  editor    = {S. Bechhofer and M. Hauswirth and J. Hoffmann and
                  M. Koubarakis},
  title     = {The Semantic Web: Research and Applications, 5th European
               Semantic Web Conference, ESWC 2008, Tenerife, Spain,
               June 1-5, 2007, Proceedings},
  booktitle = {ESWC},
  publisher = {Springer},
  series    = {LNCS},
  volume    = {5021},
  year      = {2008},
}

@proceedings{eswc2008-short,
  booktitle = {ESWC},
  year      = {2008},
}
@Misc{Decraene:OWL-RDFa07,
  author =	 {D. Decraene},
  title =	 {Online Ontology Visualisation: Embedding {OWL-RDFS} syntax in {XHTML} with {RDFa}},
  year = 2007,
  url = {http://ontologyonline.blogspot.com/2007/11/embedding-owl-rdfs-syntax-in-xhtml-with.html},
  howpublished = {\url{http://ontologyonline.blogspot.com/2007/11/embedding-owl-rdfs-syntax-in-xhtml-with.html}},
}

@InProceedings{Kohlhase:STS-RelaxNG08,
  author = 	 {M. Kohlhase},
  title = 	 {Compiling {\openmath} Type systems to {Relax NG} Grammars},
  crossref =	 {JEM08},
}

@Proceedings{JEM08,
  title = 	 {3rd JEM Workshop -- Joining Educational Mathematics},
  year = 	 {2008},
  booktitle =	 {3rd JEM Workshop -- Joining Educational Mathematics},
  editor =	 {O. Caprotti and S. Xamb{\'o} and M.-A. Huertas and M. Kohlhase and M. Sepp{\"a}l{\"a}},
  note = {\url{http://jem-thematic.net/workshop3}},
  url = {http://jem-thematic.net/workshop3},
  pubs = {mkohlhase}
}


@INPROCEEDINGS{FaGu:lt92,
  author = {W. Farmer and J. Guttman and X. Thayer},
  title = {Little Theories},
  crossref = {CADE92}
}

@PROCEEDINGS{CADE92,
  title = {11\textsuperscript{th} Conference on Automated Deduction},
  year = {1992},
  editor = {D. Kapur},
  volume = {607},
  series = {LNCS},
  address = {Saratoga Springs, NY, USA},
  publisher = {Springer},
  booktitle = {11\textsuperscript{th} Conference on Automated Deduction},
  key = {CADE1992},
}

@InProceedings{schaffert06:STICA-ikewiki,
  author = {S. Schaffert},
  title = {{IkeWiki}: A Semantic Wiki for Collaborative Knowledge Management},
  booktitle = {1\textsuperscript{st} Workshop on Semantic Technologies in Collaborative
                  Applications (STICA)},
  year = {2006},
}

@MISC{w3c:rdf,
  key = {RDF},
  title = {Resource Description Framework ({RDF})},
  howpublished = {\url{http://www.w3.org/RDF/}},
  editor = {W3C},
  year = 2004,
  url = {http://www.w3.org/RDF/}
}

@TECHREPORT{BerFieMas:05,
  author = {T. Berners-Lee and R. Fielding and L. Masinter},
  title = {Uniform Resource Identifier ({URI}): Generic Syntax},
  institution = {IETF},
  year = {2005},
  type = {RFC},
  number = {3986},
  url = {http://www.ietf.org/rfc/rfc3986.txt}
}

@MISC{JOBAD:webpage,
  key = {JOBAD},
  title = {{JOBAD} Framework -- {JavaScript} {API} for {OMDoc}-based active documents},
  howpublished = {\url{https://jomdoc.omdoc.org/wiki/JOBAD}},
  lastchecked = feb,
  year = 2009}


@InProceedings{LangeGonzalez:SWiM-Sentido08,
  author = {Ch. Lange and Gonz{\'a}lez Palomo, A.},
  title = {Easily Editing and Browsing Complex {OpenMath} Markup with {SWiM}},
  crossref = {MathUI08},
  pubs = {clange,projects/swim},
  url = {http://www.activemath.org/workshops/MathUI/08/proceedings/LangeGonzales-OMEdit.html},
}
@Proceedings{MathUI08,
  editor =   {P. Libbrecht},
  title =    {Mathematical User-Interfaces Workshop 2008 at MKM},
  booktitle =    {Mathematical User Interfaces Workshop},
  url = {http://www.activemath.org/~paul/MathUI08},
  year =     2008
}
@PROCEEDINGS{MKM09,
  year = {2009},
  booktitle = {{MKM/Calculemus}},
  title = {{MKM/Calculemus}},
  note = {In Press},
  series = {LNAI},
  publisher = {Springer}
}
