@inproceedings{HilKohSta:copmem06,
  author = 	 {Eberhard Hilf and Michael Kohlhase and Heinrich Stamerjohanns},
  title = 	 {Capturing the Content of Physics: Systems, Observables, and Experiments},
  crossref =     {MKM06},
  year = 	 2006}



@inproceedings{KohKoh:copmem06,
  author = 	 {Andrea Kohlhase and Michael Kohlhase},
  title = 	 {Communities of Practice in MKM: An Extensional Model},
  crossref =     {MKM06},
  year = 	 2006}

@Unpublished{Kohlhase:smtl05,
  author = 	 {Michael Kohlhase},
  title = 	 {Semantic Markup for {\TeX/\LaTeX}},
  note = 	 {Manuscript, available at {\url{http://kwarc.eecs.iu-bremen.de/software/stex}}},
  year =	 2005
}

@Misc{OAI:protocol,
   key    =       {OAI},
   editor =       {Carl Lagoze, Herbert Van de Sompel, Michael Nelson, Simeon Warner},
   title  =       {The Open Archives Initiative Protocol for Metadata Harvesting},
   year   =       2002,
   month  =       {June},
   note   =       {Available at \url{http://www.openarchives.org/OAI/openarchivesprotocol.html}}}

@book{Graf:ti96,
AUTHOR        = {Graf, Peter}, 
TITLE         = {Term Indexing},
YEAR          = 1996,
  publisher = 	 "Springer Verlag",
  number =	 1053,
  series =	 "LNCS"
}
@InProceedings{ArmKoh:cpmsbko00,
  author = 	 {Alessandro Armando and Michael Kohlhase and Silvio Ranise},
  title = 	 {Communication Protocols for mathematical Services based on {KQML} and {OMRS}},
  crossref  = 	 {CALCULEMUS00}}

@InCollection{SutZimSch:tdefatpt04,
    Author       = "Sutcliffe, G. and Zimmer, J. and Schulz, S.",
    Year         = "2004",
    Title        = "{TSTP Data-Exchange Formats for Automated Theorem Proving
                    Tools}",
    Editor       = "Zhang, W. and Sorge, V.",
    BookTitle    = "{Distributed Constraint Problem Solving and Reasoning in
                    Multi-Agent Systems}",
    Pages        = "201-215",
    Series       = "Frontiers in Artificial Intelligence and Applications",
    Number       = "112",
    Publisher    = "IOS Press",
    Comment      = "CASC-20,TPTPCite"
}   


@InProceedings{Kohlhase:emPowerPoint,
  author = 	 {{Andrea Kohlhase}},
  title = 	 {{What if PowerPoint became emPowerPoint (through {CPoint})?}},
  booktitle = 	 {SITE 2006},
  pages =	 {2934--2939},
  year =	 2006,
  editor =	 {Caroline M. Crawford},
  organization = {SITE},
  publisher =	 {AACE},
  note =	 {Orlando (USA), 2006-03-20/24}
}

@Misc{CML:web,
  key = {CML},
  title =	 {{Chemical Markup Language CML}},
  howpublished = {\webpageat\url{http://www.ch.cam.ac.uk/CUCL/staff/pm.html}},
  month =	 {\seen\July},
  year =	 2005}

@Misc{Unicode:collation,
  key = 	 {UTS10},
  author = 	 {Mark Davis and Ken Whistler},
  title = 	 {Unicode Collation Algorithm},
  howpublished = {available at \url{http://www.unicode.org/reports/tr10/}},
  year = 	 2005,
  note = 	 {Unicode Technical Standard \#10}}

@InProceedings{SuSu94,
  author = 	 "Geoff Stucliffe and Christian Suttner and Theodor Yemenis",
  title = 	 "The {TPTP} Problem Library ",
  crossref= "CADE94"}




@TECHREPORT{HaeKerWei:csdfgsd96,
        AUTHOR             = {Reiner H\"{a}hnle and Manfred Kerber and 
                              Christoph Weidenbach},
        INSTITUTION        = {Universit\"{a}t Karlsruhe, 
                              Fakult\"{a}t f\"{u}r Informatik},
        NUMBER             = {10/96},
        TITLE              = {Common Syntax of DFG-Schwerpunktprogramm 
                              ``Deduktion''},
        TYPE               = {Interner Bericht},
        YEAR               = {1996}}


@Manual{PDFReference,
  title = 	 {{PDF} {R}eference fifth edition, Adobe Portable Document Format Version 1.6},
  key = 	 {PDF Reference},
  organization = {Adobe Systems Inc.},
  year = 	 {seen Jan 2006},
  note = 	 {available at \url{http://partners.adobe.com/public/developer/pdf/index_reference.html}}}


@InProceedings{ZimmerMICAI04,
  author =       {J{\"u}rgen Zimmer},
  title =        {A {F}ramework for {A}gent-based {B}rokering of {R}easoning {S}ervices},
  crossref =     {MICAI2004}
}

@InProceedings{DraHer:dididm03,
 author = {Anton N. Dragunov and Jonathan L. Herlocker},
 title = {Designing intelligent and dynamic interfaces for communicating mathematics},
 booktitle = {IUI '03: Proceedings of the 8th international conference on Intelligent user interfaces},
 year = {2003},
 isbn = {1-58113-586-6},
 pages = {236--238},
 location = {Miami, Florida, USA},
 doi = {http://doi.acm.org/10.1145/604045.604085},
 note = {See \url{http://doi.acm.org/10.1145/604045.604085}.},
 publisher = {ACM Press}
 }

@TechReport{DavWhi:uca05,
  author = 	 {Mark Davis and Ken Whistler},
  title = 	 {Unicode Collation Algorithm},
  institution =  {Unicode Consortium},
  year = 	 2005,
  type = 	 {Unicode Technical Standard},
  number = 	 {10},
  note = 	 {available at \url{http://www.unicode.org/reports/tr10/}}
}

@InProceedings{SacerdotiCoen:enlt05,
  author = {Claudio Sacerdoti Coen},
  title = {Explanation in Natural Language of $\overline\lambda\mu\overline\mu$-terms},
  crossref = {MKM05}}


@Misc{URL:w3c,
  key = 	 {W3C},
  title = 	 {{World Wide Web Consortium}},
  howpublished = {\webpageat\url{http://w3.org}}}


@Misc{URL:creativecommons,
  key = 	 {Creative Commons},
  title = 	 {{Creative Commons}},
  howpublished = {\webpageat\url{http://creativecommons.org}}}

@Misc{CD:inference-rules,
  author = {Michael Kohlhase},
  title = 	 {Inference Rules},
  year = {\seen{Jan 2005}},
  howpublished = {OMDoc Content Dictionary at \url{https://svn.omdoc.org/repos/omdoc/trunk/examples/logics/inference-rules.omdoc}}}

@Misc{URL:creativecommonsWorldwide,
  key = 	 {Creative Commons Worldwide},
  title = 	 {{Creative Commons Worldwide}},
  howpublished = {\webpageat\url{http://creativecommons.org/worldwide}}}


@Misc{URL:omcd-core,
  key = {OMCD-Core},
  title = 	 {{\sc{OpenMath}} Content Dictionaries},
  howpublished = {\webpageat\url{http://www.openmath.org/cd/}}
}








d
@InCollection{McC82,
   author    = {John McCarthy},
   title     = {Common Business Communication Language},
   booktitle = {Textverarbeitung und B\"urosysteme},
   publisher = {R. Oldenbourg Verlag, Munich and Vienna},
   editor    = {Albert Endres and J\"urgen Reetz},
   year      = {1982},
}


@TechReport{McGvHa:owl04,
  key =          "OWL",
  editor = 	 {Deborah L. McGuinness and  van Harmelen, Frank},
  title = 	 {OWL Web Ontology Language Overview},
  year = 	 2004,
  month = February,
  type =	 {W3C Recommendation},
  institution =  {W3C},
  note =	 {Available at \url{http://www.w3.org/TR/owl-features/}}}



@InProceedings{ClaKoh:sda03,
  author = 	 {Edmund Clarke and Michael Kohlhase and Jo\"el Ouaknine and Klaus Sutner},
  title = 	 {System Description: Analytica 2},
  pages = {69--73},
  crossref =	 {CALCULEMUS03}
}

@Article{BraCor:raefca02,
  author = 	 {Bradford, R. and Corless, R. M. and Davenport, J. H. and Jeffrey, D. J. and Watt, S. M.},
  title = 	 {Reasoning About the Elementary Functions of Complex Analysis.},
  journal = 	 {Annals of  Mathematics and Artificial Intelligence},
  year = 	 2002,
  volume =	 36,
  pages =	 {303 -- 318}
}

@Article{BarCoh:ecm01,
  author = 	 {Henk Barendregt and Arjeh M. Cohen},
  title = 	 {Electronic communication of mathematics and the interaction of computer 
                  algebra systems and proof assistants}, 
  journal = 	 {Journal of Symbolic Computation},
  year = 	 2001,
  volume =	 32,
  pages =	 {3--22}}



@Misc{IEEE-LOM:URL,
  key =          {LOM},
  title =	 {IEEE WG12: Learning Object Metadata},
  howpublished = {\url{http://ltsc.ieee.org/wg12/}}
}




@INPROCEEDINGS{VanDenBrandStuber2003,
    author = "van den Brand, Mark and Stuber, J{\"u}rgen",
    title = "Extracting Mathematical Semantics from LaTeX Documents",
    booktitle = "Proc. Intl. Workshop on Principles and Practice of Semantic Web Reasoning (PPSWR 2003)",
    address = "Mumbai, India",
    publisher = "Springer",
    series = "LNCS",
    number = "2901",
    pages = "160-173",
    year = 2003,
    annote = "http://www.loria.fr/~stuber/publications/VanDenBrandStuber2003PPSWR.html"}

@Manual{Carlisle:tkp99,
  title = 	 {The {\sf{keyval}} package},
  author =	 {David Carlisle},
  organization = {The Comprehensive {\TeX} Archive Network},
  note = {Part of the {\TeX} distribution},
  year =	 1999
}

@Misc{WillHenBar:clsfflc03,
  author = 	 {Rebecca Willett and Brent Hendricks and  Richard Baraniuk},
  title = 	 {{CnxTeX} - A {\LaTeX} style file to facilitate {\LaTeX}-to-{XML} conversion},
  howpublished = {available at \url{http://dsp.rice.edu/software}},
  year = 	 2003
}

@Misc{Miller:latexml,
  author =	 {Bruce Miller},
  title =	 {{\tt{LaTeXML}}: A {\LaTeX} to {XML} Converter},
  howpublished = {Web Manual at \url{http://dlmf.nist.gov/LaTeXML/}}
}

@Misc{Gurari:tex4ht,
  author =	 {Eitan Gurari},
  title =	 {TeX4ht: LaTeX and TeX for Hypertext},
  howpublished = {Web Manual at \url{http://www.cse.ohio-state.edu/~gurari/TeX4ht/mn.html}}
}

@InProceedings{HenBar:tcpposke03,
  author = 	 {Geneva Henry and Richard G. Baraniuk and  Christopher Kelty},
  title = 	 { The Connexions Project: Promoting Open Sharing of Knowledge for Education},
  booktitle =	 {Syllabus, Technology for Higher Education},
  year =	 2003
}

@article{Birwie:npdre02,
   author={Andreas Birk and Julie Wiernik},
   title={An N-Players Prisoner's Dilemma in a Robotic Ecosystem},
   journal={International Journal of Robotics and Autonomous Systems},
   publisher={Elsevier Science},
   volume={39},
   pages={223--233},
   year=2002}

@Manual{Kohlhase:cpointdoc,
  title = 	 {{\bf{C}}{\em{Point}} Documentation},
  author =	 {Andrea Kohlhase},
  organization = {Carnegie Mellon University},
  note =	 {Technical Manual avalable at \url{http://kwarc.eecs.iu-bremen.de/software/CPoint.html}}
}

@Manual{Kohlhase:cpointgraphsdoc,
  title = 	 {{\bf{C}}{\em{PointGraphs}} Documentation},
  author =	 {Andrea Kohlhase},
  organization = {Carnegie Mellon Universty},
  note =	 {Technical Manual avalable at \url{http://kwarc.eecs.iu-bremen.de/software/CPoint.html}},
  year =         2004
}

@Book{Axelrod:teoc84,
  author =	 {Axelrod, Robert},
  title = 	 {The Evolution of Cooperation},
  publisher = 	 {Basic Books},
  year = 	 1984,
  address =	 {New York}
}

@misc{Hodgins:tfolo03,
   author = "H. Wayne Hodgins",
   title = "The Future of Learning Objects"}

@MISC{cnxweb,
  key = {CNX},
  title = {{\sc{Connexions}}},
  howpublished = {Project home page at \url{http://cnx.rice.edu/}},
  month = {seen January},
  year = 2005}


@MISC{CNXML-basic,
  key = {CNXML},
  title = {The basic {CNXML}},
  howpublished = {\url{http://cnx.rice.edu/content/m9000/latest/}}
}


@Article{MelBue:krma03,
  author = 	 {Erica Melis and  Jochen B\"udenbender and George Goguadze and  Paul Libbrecht and Carsten Ullrich},
  title = 	 {Knowledge Representation and Management in ActiveMath},
  journal = 	 {Annals of Mathematics and Artificial Intelligence},
  year = 	 2003,
  volume =	 38,
  pages =	 {47--64},
  note =	 {see \url{http://www.activemath.org}}
}

@misc{ccaps-web,
  key = {CCaps},
  title = {The Course Capsules Project},
  note = {\url{http://aiki.ccaps.cs.cmu.edu}},}

@TechReport{AllBick:fdl02,
  author = 	 {Stuart Allen and Mark Bickford and Robert Constable and Richard Eaton and Christoph Kreitz and Lori Lorigo},
  title = 	 {{FDL}: A Prototype Formal Digital Library -- Description and Draft Reference Manual},
  institution =  {Computer Science, Cornell},
  year = 	 2002,
  note =	 {\url{http://www.cs.cornell.edu/Info/Projects/NuPrl/html/FDLProject/02cucs-fdl.pdf}}}

@InProceedings{AspPad:hsmw01,
  author = 	 {Andrea Asperti and Luca Padovani and Claudio Sacerdoti Coen and  Irene Schena},
  title = 	 {{HELM} and the Semantic Math-Web},
  crossref =	 {TPHOL01},
  pages =	 {59--74}
}

@Book{KamRey:fdtl93,
  author =       "Hans Kamp and Uwe Reyle",
  title =        "From Discourse to Logic",
  publisher =    "Kluwer",
  year =         1993,
  address =      "Dordrecht"
}
@Article{NewSim:cseisas81,
  author = 	 {Alan Newell and  Herbert A. Simon },
  title = 	 {Computer Science as empirical inquiry: Symbols and search},
  journal = 	 {Communications of the Association for Computing Machinery},
  year = 	 1981,
  volume =	 19,
  pages =	 { 113--126}
}

@Unpublished{Kohlhase:codemlspec,
  author = 	 {Michael Kohlhase},
  title = 	 {{CodeML}: An Open Markup Format the Content and Presentatation of Program Code},
  note = 	 {Internet Draft at \url{https://svn.omdoc.org/repos/omdoc/trunk/projects/codeml/doc/spec/codeml.pdf}}
}

@article{SieHes:loui99,
  author = 	 {J{\"o}rg Siekmann and Stephan M. Hess and Christoph Benzm{\"u}ller and Lassaad
  Cheikhrouhou and
  Armin Fiedler and Helmut Horacek and Michael Kohlhase and Karsten Konrad and
  Andreas Meier and Erica Melis and Martin Pollet and Volker Sorge},
  title = 	 {{$\cal LOUI$}: {$\cal L$}ovely {\OMEGA} {$\cal U$}ser {$\cal I$}nterface},
  journal =      {Formal Aspects of Computing},
  volume =       {11},
  pages =        {326--342},
  year =	 1999
}







@Article{HutLan:vse96,
  author = 	 {Dieter Hutter and Bruno Langenstein and Claus Sengler and J{\"o}rg H. Siekmann and Werner Stephan and Andreas Wolpers},
  title = 	 {Verification Support Environment},
  journal = 	 {High Integrity Systems},
  year = 	 1996,
  volume =	 1,
  number =	 6}

@InProceedings{AutMos:ihdgmm02,
  author = 	 {Serge Autexier and Till Mossakowski},
  title = 	 {Integrating HOLCASL into the Development Graph Manager MAYA},
  pages =        {2--17},
  crossref =	 {FROCOS02}}

@Misc{saxon_web,
  key =		 {SAXON},
  author =	 {Michael Kay},
  title =	 {SAXON, The XSLT and XQuery Processor},
  howpublished = {\webpageat\url{http://saxon.sf.net}}
}

@Misc{xsltproc_web,
  key =		 {xsltproc},
  author =	 {Daniel Veillard},
  title =	 {The XSLT C library for Gnome: libxslt},
  howpublished = {\webpageat\url{http://xmlsoft.org/XSLT/}}
}

@Misc{xalan_web,
  key =		 {XALAN},
  author =	 {The Apache Software Foundation},
  title =	 {Xalan-Java},
  howpublished = {\webpageat\url{http://xml.apache.org/xalan-j}}}


@Misc{MizarKB,
  key =		 {MizarKB},
  title =	 {Mizar Mathematical Library},
  author =       {The Mizar Library Committee},
  howpublished = {\webpageat\url{http://www.mizar.org/library}}}



@book{Paulson:iagtp94,
author	=	"Lawrence C. Paulson" ,
title	=	"Isabelle: A Generic Theorem Prover",
publisher=	"Springer Verlag",
series = "LNCS",
nuber = "828",
year	=	"1994"}

@TechReport{LasSwi:rdf99,
  author = 	 {Ora Lassila and Ralph R. Swick},
  title = 	 {Resource Description Framework (RDF) Model and Syntax Specification},
  institution =  {World Wide Web Consortium (W3C)},
  year = 	 1999,
  type =	 {W3C Recommendation},
  note =	 {\url{http://www.w3.org/TR/1999/REC-rdf-syntax}}
}

@Misc{KohDev:bvm03,
  author =	 {Michael Kohlhase and Stan Devitt},
  title =	 {Bound Variables in MathML},
  howpublished = {W3C Note},
  note = {available at~\url{http://www.w3.org/TR/mathml-bvar/}},
  year =	 2003
}

@InBook{Harold:ex03,
  author =	 {Eliotte Rusty Harold},
  title = 	 {Effective {XML}},
  chapter = 	 15,
  publisher = 	 {Addison Wesley},
  year = 	 2003
}

@Misc{DevKoh:stm03,
  author =	 {Michael Kohlhase and Stan Devitt},
  title =	 {Structured Types in MathML 2.0},
  howpublished = {W3C Note},
  note = {available at~\url{http://www.w3.org/TR/mathml-types/}},
  year =	 2003
}

@Misc{KohCar:ggm03,
  author =	 {Michael Kohlhase and David Carlisle},
  title =	 {Guidelines for Graphics in MathML 2},
  howpublished = {W3C Note},
  year =	 2003,
  note =	 {forthcoming}
}

@Article{Odlyzko:tlogr95,
  author = 	 {Odlyzko, A.M.},
  title = 	 {Tragic loss or good riddance?  The impending demise of traditional scholarly journals},
  journal = 	 {International Journal of  Human-Computer Studies},
  year = 	 1995,
  volume =	 42,
  pages =	 {71--122}
}

@Book{Pierce:aitit80,
  author =	 {Pierce, John R.},
  title = 	 {An Introduction to Information Theory. Symbols, Signals and Noise},
  publisher = 	 {Dover Publications Inc.},
  year = 	 1980
}

@Book{Bernays:ast91,
  author =	 {Bernays, Paul},
  title = 	 {Axiomatic Set Theory},
  publisher = 	 {Dover Publications},
  year = 	 1991
}

@InCollection{DeBruijn:tmv94,
  author = "de Bruijn, N. G.",
  title = "The Mathematical Vernacular, A Language for Mathematics with Typed Sets",
  publisher = "Elsevier",
  series = "Studies in Logic and the Foundations of Mathematics",
  booktitle = "Selected Papers on Automath",
  editor = "Nederpelt, R. P and J. H. Geuvers and R. C. de Vrijer",
  volume = "133",
  year = "1994",
  pages = "865 -- 935"}


@Book{WalMue:dtdg99,
  author =	 {Norman Walsh and Leonard Muellner},
  title = 	 {DocBook: The Definitive Guide},
  publisher = 	 {O'Reilly},
  year = 	 1999}

@TechReport{W3C:xhtml2000,
  author = 	 {The W3C HTML Working Group},
  title = 	 {{XHTML 1.0 The Extensible HyperText Markup Language (Second Edition) A Reformulation of HTML 4 in XML 1.0}},
  institution =  {World Wide Web Consortium (W3C)},
  year = 	 2000,
  type =	 {W3C Recommendation},
  note =	 {\url{http://www.w3.org/TR/xhtml1}}}


@TechReport{W3C:svg02,
  author = 	 {Dean Jackson, Jon Ferraiolo, Jun Fujisawa},
  title = 	 {Scalable Vector Graphics
      (SVG) 1.1 Specification},
  institution =  {World Wide Web Consortium (W3C)},
  year = 	 2002,
  type =	 {W3C Candidate Recommendation},
  note =	 {\url{http://www.w3.org/TR/2002/CR-SVG11-20020430}}}

@TechReport{DeRMal:xlink01,
  key =          "XLink",
  author = 	 {Steve DeRose and Eve Maler and David Orchard and Ben Trafford},
  title = 	 {{XML} Linking Language ({XLink})},
  year = 	 2001,
  type =	 {W3C Recommendation},
  institution =  {W3C},
  note =	 {Available at \url{http://www.w3.org/TR/xlink}}}


@BOOK{ChaGed:flatim92,
AUTHOR        = {Char, Bruce W. and Geddes, Keith O. and Gonnet, Gaston H. and Leong, Benton L. and Monagan, Michael B. and Watt, Stephen M.}, 
TITLE         = {First leaves: a tutorial introduction to Maple V},
PUBLISHER     = {Springer Verlag},
ADDRESS       = {Berlin},
YEAR          = {1992}}




@InProceedings{Meier:sdttom00,
  author = 	 {Andreas Meier},
  title = 	 {System Description: {\sc Tramp}: Transformation of Machine-Found Proofs into {ND}-Proofs at the Assertion Level},
  booktitle = 	 {{A}utomated {D}eduction -- CADE-17},
  crossref =	 {CADE00},
  pages =	 {460--464}}

@Article{Weidenbach:sv97,
  author = 	 {Christoph Weidenbach},
  title = 	 {{SPASS}: Version 0.49},
  journal = 	 {Journal of Automated Reasoning},
  year = 	 1997,
  volume =	 18,
  number =	 2,
  pages =	 {247--252},
  note =	 {Special Issue on the CADE-13 Automated Theorem Proving System Competition}}

@Book{Unicode:tuc03,
  editor =	 {Unicode Inc.},
  title = 	 {The Unicode Standard, Version 4.0},
  publisher = 	 {Addison-Wesley},
  year = 	 2003}

@Misc{xmlrpc,
  author =       {Userland Com.},
  title =        {{XML} {R}emote {P}rocedure {C}all {S}pecification},
  howpublished = {\url{http://www.xmlrpc.com/}}}

@Misc{Box:soap00,
  key= {SOAP1.1},
  author =	 {Don Box and David Ehnebuske and Gopal Kakivaya and Andrew Layman and Noah Mendelsohn and Henrik Frystyk Nielsen and Satish Thatte and Dave Winer},
  title =	 {Simple Object Access Protocol (SOAP) 1.1},
  year =	 2000,
  type =         {W3C Recommendation},
  note =	 {available at \url{http://www.w3.org/TR/SOAP}}}


@TechReport{AspKohSac:dtdop03,
  author = 	 {Andrea Asperti and Michael Kohlhase and Claudio Sacerdoti Coen},
  title = 	 {Prototype n. D2.b Document Type Descriptors: OMDoc Proofs},
  institution =  {The MoWGLI Project},
  year = 	 2003,
  type =	 {MoWGLI Deliverable}}
	
@InProceedings{GogMelUllCai:psmmee03,
  author = 	 {Georgi Goguadze and Erica Melis and Carsten Ullrich and Paul Cairns},
  title = 	 {Problems and Solutions for Markup for Mathematical Examples and Exercises*},
  crossref =	 {MKM03},
  pages =	 {80--92},
  abstract =	 {This paper reports some deficiencies of the current status of the markup
                  for mathematical documents, OMDoc, and proposes extensions. The
                  observations described arose from trying to represent mathematical
                  knowledge with the goal to present it according to several
                  well-established teaching strategies for mathematics through the
                  learning environment ACTIVEMATH. The main concern here is with examples,
                  exercises, and proofs.}}

@book{Barendregt80,
author	=	"Hendrik P. Barendregt" ,
title	=	"The Lambda-Calculus: Its Syntax and Semantics" ,
publisher=	"North-Holland" ,
year	=	"1980"}



@Book{Stallman:em02,
  author =	 {Richard M. Stallman},
  title = 	 {GNU Emacs Manual},
  publisher = 	 {GNU Press},
  year = 	 2002,
  edition =	 15,
  note =	 {online at~\url{http://www.gnu.org/manual/emacs-21.2}},
  annote =	 {ISBN 1-882114-85-X}}

@InProceedings{KohAng:tccmvc03,
  author = 	 {Michael Kohlhase and Romeo Anghelache},
  title = 	 {Towards Collaborative Content Management And Version Control For Structured Mathematical Knowledge},
  pages =        {147--161},
  crossref =	 {MKM03}}

@Misc{TeXPoint,
  key =		 {TexPoint},
  author =	 {George Necula},
  title =	 {{TeXPoint}},
  howpublished = {Program Home Page at~\url{http://raw.cs.berkeley.edu/texpoint/index.htm}}}

@InCollection{Kohlhase:caoemp04,
  author =	 {Andrea Kohlhase},
  title =	 {{\sc CPoint}: An {\sc OMDoc} Editor in {MS PowerPoint}},
  crossref = {Kohlhase:omdoc1.2},
  year =	 2006}

@InCollection{HutMosScha:mmsd,
  author =	 {Serge Autexier and Dieter Hutter and Till Mossakowski and Axel Schairer},
  title =	 {{\sc Maya}: Maintaining Structured Developments},
  crossref = {Kohlhase:omdoc1.2},
  year =	 2006}

@InProceedings{AspKoht:mimp02,
  author = 	 {Andrea Asperti and Michael Kohlhase},
  title = 	 {MathML in the {\sc{MoWGLI}} Project},
  crossref =	 {MathML02}}

@InProceedings{KohSut:amcas02,
  author = 	 {Michael Kohlhase and Klaus Sutner and Peter Jansen and Andrea Kohlhase 
                  and Peter Lee and Dana Scott and Matthew Szudzik},
  title = 	 {Acquisition of Math Content in an Academic Setting},
  crossref =	 {MathML02}}

@InCollection{Sutner:cmnto04,
  author =	 {Klaus Sutner},
  title =	 {Converting {\sc{Mathematica}} Notebooks to {OMDoc}},
  crossref = {Kohlhase:omdoc1.2},
  year =	 2006}

@InCollection{Jansen:aemfeod04,
  author =	 {Peter Jansen},
  title =	 {An Emacs mode for editing OMDoc Documents},
  crossref = {Kohlhase:omdoc1.2},
  year =	 2006}

@Manual{Anghelache:hermes,
  title = 	 {Hermes: A content oriented {\LaTeX} to {XML+MathML} conversion/authoring tool},
  author =	 {Romeo Anghelache},
  note =	 {Web Manual at \url{http://www.psyx.org/hermes/doc.html}}
}

@Manual{DweLinLuth:tucm04,
  title = 	 {How to use and configure {MMiSSLATEX}},
  author =	 {Christoph Dwertmann and  Arne Lindow and Christoph L{\"u}th and Markus Roggenbach and Jan-Georg Smaus},
  year =	 2004,
  note =	 {avaialble at \url{http://www.informatik.uni-bremen.de/mmiss/tools_e.htm}}
}

@InProceedings{KohKoh:cdad04,
  author = 	 {Andrea Kohlhase and Michael Kohlhase},
  title = 	 {{CPoint}: Dissolving the Author's Dilemma},
  crossref =     {MKM04},
  pages = {175--189}
}

@InProceedings{KohKoh:aesmk05,
  author = 	 {Andrea Kohlhase and Michael Kohlhase},
  title = {An Exploration in the Space of Mathematical Knowledge},
  pages = {17--32},
  crossref =  {MKM05},
}

@book{Kohlhase:omdoc1.2,
  author = 	 {Michael Kohlhase},
  booktitle = 	 {{\sc OMDoc} An open markup format for mathematical documents [Version 1.2]},
  title = 	 {{\sc OMDoc} An open markup format for mathematical documents [Version 1.2]},
  publisher = {Springer Verlag},
  series = {LNAI},
  number = {4180},
  year = 	 2006}


@TechReport{AusMcCIsh:mxxs02,
  editor = 	 {Daniel Austin and Shane McCarron and Masayasu Ishikawa},
  key =          {Austin},
  title = 	 {Modularization of {XHTML in XML Schema}},
  institution =  {The World Wide Web Consortium},
  year = 	 2002,
  type =	 {W3C Working Draft},
  note =	 {available at \url{http://www.w3.org/TR/xhtml-m12n-schema}}}

@Misc{BraHol:xmlns99,
  editor = 	 {Tim Bray and Dave Hollander and Andrew Layman},
  key =          {Bray},
  title = 	 {Namespaces in XML},
  institution =  {The World Wide Web Consortium},
  year = 	 1999,
  type =	 {W3C Recommendation},
  note =	 {available at \url{http://www.w3.org/TR/REC-xml-names}}}

@Misc{GPL,
  key =		 {GPL},
  author =	 {FSF, Free Software Foundation},
  title =	 {GNU General Public License},
  howpublished = {Software License available at \url{http://www.gnu.org/copyleft/gpl.html}},
  year =	 1991}

@Misc{LGPL,
  key =		 {LGPL},
  author =	 {FSF, Free Software Foundation},
  title =	 {{GNU} Lesser General Public License},
  howpublished = {Software License available at \url{http://www.gnu.org/copyleft/lesser.html}},
  year =	 1999}

@TechReport{AltBou:mox01,
  author = 	 {Murray Altheim and Frank Boumphrey and Sam Dooley and  Shane McCarron and Sebastian Schnitzenbaumer and Ted Wugofski (eds.)},
  key =          {Altheim},
  title = 	 {Modularization of XHTML},
  institution =  {The World Wide Web Consortium},
  year = 	 2001,
  type =	 {W3C Recommendation},
  note =	 {available at \url{http://www.w3.org/TR/xhtml-modularization}}}

@Misc{Clark:csx97,
  author =	 {James Clark},
  title =	 {Comparison of {SGML} and {XML}},
  howpublished = {World Wide Web Consortium Note},
  year =	 1997,
  note =	 {\url{http://www.w3.org/TR/NOTE-sgml-xml.html}}}

@Book{Bourbaki:a74,
  author =	 {Nicolas Bourbaki},
  title = 	 {Algebra I},
  publisher = 	 {Springer Verlag},
  year = 	 1974,
  series =	 {Elements of Mahtematics}}

@Misc{Kohlhase:omfmd01,
  author = 	 {Michael Kohlhase},
  title = {{\omdoc}: An Open Markup Format for Mathematical Documents (Version 1.1)},
  TYPE = {Open Specification},        
  note = 	 {\url{http://www.omdoc.org/pubs/omdoc.ps}},
  year =	 2001}

@Misc{ClaDeR:xpath99,
  key = {Clark},
  editor = 	 {James Clark and Steve DeRose},
  title = 	 {{XML} Path Language ({XPath}) Version 1.0},
  institution =  {The World Wide Web Consortium},
  year = 	 1999,
  type =	 {W3C Recommendation},
  note =	 {available at \url{http://www.w3.org/TR/xpath}}}

@book{Constable86,
author	=	"Robert L. Constable and S. Allen and H. Bromly and W. Cleaveland and J. Cremer and R. Harper
		  and D. Howe and T. Knoblock and N. Mendler and P. Panangaden and J. Sasaki and S. Smith" ,
title	=	"Implementing Mathematics with the Nuprl Proof Development System",
publisher=	"Prentice-Hall",
address	=	"Englewood Cliffs, New Jersey",
year	=	"1986"}

@techreport	{Gordon85,
author	=	"Mike Gordon" ,
title	=	"{HOL:} A Machine Oriented Formulation of Higher-order Logic" ,
institution=	"University of Cambridge, Computer Laboratory" ,
number	=	68 ,
month	=	"July" ,
year	=	1985 ,
keywords=	"hol,atp,hol,lang,lcf,conal" }

@InProceedings{Rudnicki:aomp92,
  author = 	 {Piotr Rudnicki},
  title = 	 {An Overview of the MIZAR Project},
  booktitle = 	 {Proceedingsof the 1992 Workshop on Types and Proofs as Programs},
  year =	 1992,
  pages =	 {311--332}}

@Misc{MurLau:xmt01,
  author =	 {M. Murata and  St. Laurent, S. and D. Kohn},
  title =	 {{XML} Media Types},
  howpublished = {RFC 3023},
  month =	 {January},
  year =	 2001,
  note =	 {\url{http://www.faqs.org/rfcs/rfc3023.html}}}


@techreport{Paulson90,
author	=	"Lawrence C. Paulson and Tobias Nipkow" ,
title	=	"Isabelle Tutorial and User's Manual" ,
institution=	"Computer Laboratory, University of Cambridge" ,
number	=	"189" ,
month	=	"January" ,
year	=	"1990" }

@Book{GoMe93,
  author = 	 "M. J. C. Gordon and T. F. Melham",
  title = 	 "Introduction to {HOL} -- A theorem proving environment for higher order logic",
  publisher = 	 "Cambridge University Press",
  year = 	 1993}
@incollection{Pfenning91,
author	=	"Frank Pfenning",
title	=	"Logic Programming in the {LF} Logical Framework" ,
booktitle=	"Logical Frameworks" ,
editor	=	"G\'{e}rard P. Huet and Gordon D. Plotkin" ,
publisher=	"Cambridge University Press" ,
year	=	"1991"}
@Misc{BernersLee:tsw98,
  author =	 {Tim Berner's Lee},
  title =	 {The Semantic Web},
  howpublished = {W3C Architecture Note},
  year =	 1998,
  note =	 {http://www.w3.org/DesignIssues/Semantic.html}}
@ARTICLE{Zermelo08,
   AUTHOR    = {Ernst Zermelo},
   TITLE     = {{U}ntersuchungen {\"u}ber {d}ie {G}rundlagen {d}er
{M}engenlehre. {I}.},
   JOURNAL   = {Mathematische Annalen},
   YEAR      = {1908},
   VOLUME    = { 65},
   PAGES     = {261--281}}

@ARTICLE{Fraenkel22,
   AUTHOR    = {Adolf Abraham Fraenkel},
   TITLE     = {{Z}u {d}en {G}rundlagen {d}er {C}antor-{Z}er\-me\-lo\-schen {M}en\-gen\-leh\-re},
   JOURNAL   = {Mathematische Annalen},
   YEAR      = 1922,

   VOLUME    = { 86},
   PAGES     = {230--237}}


@TechReport{Marsh:xmlb01,
  editor = 	 {Jonathan Marsh},
  title = 	 {{XML Base}},
  institution =  {The World Wide Web Consortium},
  year = 	 2001,
  type =	 {W3C Recommendation},
  note =	 {available at \url{http://www.w3.org/TR/xmlbase/}}}


@inproceedings{AutHut:tefsduc00,
   author    = {Serge Autexier and Dieter Hutter and Heiko Mantel and Axel Schairer},
   title     = {Towards an Evolutionary Formal Software-Development Using {CASL}},
   booktitle = {Proceedings Workshop on Algebraic Development Techniques, WADT-99},
   editor    = {C.~Choppy and D.~Bert},
   publisher = {Springer},
  series = {LNCS},
 number = 1827,
   year      = 2000}

@InProceedings{Hutter:mocsv00,
  author = 	 {Dieter Hutter},
  title = 	 {Management of change in verification systems},
  booktitle =	 {Proceedings Automated Software Engineering (ASE-2000)},
  year =	 2000,
  publisher =	 {IEEE Press}}

@TechReport{SmyShe:iqti01,
  author = 	 {Colin Smythe and Eric Shepherd and Lane Brewer and Steve Lay},
  title = 	 {IMS Question \& Test Interoperability: An Overview},
  institution =  {IMS Global Learning Consortium, Inc.},
  year = 	 2001,
  type =	 {Public Draft},
  number =	 {Version 1.2},
  note =	 {available at \url{http://www.imsglobal.org/question/qtiv1p2pd/imsqti_oviewv1p2.html}}}


@article{MAH-06-a,
  author        = {Mossakowski, Till and Autexier, Serge and Hutter, Dieter},
  title         = {Extending Development Graphs With Hiding},
  journal       = {Journal of Logic and Algebraic Programming, special issue on Algebraic Specification and Development Techniques},
  year          = {2006},
}


@Unpublished{Duchier:tntb98,
  author = 	 {Denys Duchier},
  title = 	 {The {\sc NeGra} tree bank},
  note = 	 {Private communication}, 
  year =	 1998}

@InCollection{Smolka:Oz:95, 
   author = "{G}.~{S}molka", 
   title = "The {Oz} Programming Model", 
   booktitle = "{C}omputer {S}cience {T}oday", 
   editor = "{J}an van {L}eeuwen", 
   address = "Berlin", 
   year = 1995, 
   series = {LNCS},
   volume ={1000}, 
   publisher = "Springer-Verlag",
   pages = {324--343} }

@InProceedings{FraKoh:sdmaomkb00,
  author = 	 {Andreas Franke and Michael Kohlhase},
  title = 	 {System Description: {\sc MBase}, an Open Mathematical Knowledge Base},
  crossref =     {CADE00},
  pages = {455--459}}

@Book{Reid:plpd87,
  author =	 {Glenn C. Reid},
  title = 	 {PostScript, Language, Program Design},
  publisher = 	 {Addison Wesley},
  year = 	 1987}

@article{FraHes:aoidms99,
  author = 	 {Andreas Franke and  Stephan M. Hess and  Christoph G. Jung and 
  Michael Kohlhase and  Volker Sorge},
  title = 	 {Agent-Oriented Integration of Distributed Mathematical Services},
  journal = 	 {Journal of Universal Computer Science},
  volume =       5,
  nuber =        3,
  pages =        {156--187},
  year =	 1999}

@TechReport{Hutter:rat99,
  author = 	 {Dieter Hutter},
  title = 	 {Reasoning about Theories},
  institution =  {Deutsches Forschungszentrum f{\"u}r K{\"u}nstliche Intelligenz (DFKI)},
  year = 	 1999}

@InProceedings{Fiedler:tape97,
  author = 	 {Armin Fiedler},
  title = 	 {Towards a Proof Explainer},
  crossref =  {PTP97},
  pages =        {53--54},
  year = 1997}

@Book{Harold:xb01,
  author =	 {Eliotte Rusty Harold},
  title = 	 {{XML Bible}},
  publisher = 	 {Hungry Minds},
  year = 	 2001,
  edition =	 {Gold Edition}}

@book{Goldfarb:sgml90,
  author = "C. F. Goldfarb",
  title = "The SGML Handbook",
  publisher = "Oxford University Press",
  year = "1990" }

@InProceedings{OwRu92,
  author = 	 "S. Owre and J. M. Rushby and N. Shankar",
  title = 	 "{PVS:} A Prototype Verification System",
  pages =	 "748--752",
  crossref =	 "CADE92",
  year =	 1992}

@Article{BeBiSo:itao99,
AUTHOR        = {Christoph Benzm{\"u}ller and Matthew Bishop and Volker Sorge},
TITLE         = {{Integrating {\sc Tps} and {$\Omega$\sc mega}}},
YEAR          = 1999,
PAGES         = {},
JOURNAL       = {Journal of Universal Computer Science},
volume        = 5,
number        = 2}

@InCollection{Barendregt:lcwt92,
  author = 	 {Henk P. Barendregt},
  title = 	 {Lambda Calculi with Types},
  booktitle = 	 {Handbook of Logic in Computer Science},
  crossref =	 {AbramskyEtAl:holics92},
  pages =	 {117--309},
  year =	 1992,
  volume =	 2}

@Article{KohFra:rkcimss01,
  author =       {Michael Kohlhase and Andreas Franke},
  title =        {{MBase}: Representing Knowledge and Context for the 
                  Integration of Mathematical Software Systems},
  journal =      {Journal of Symbolic Computation; Special Issue on the 
                  Integration of Computer algebra and Deduction Systems},
  year =         2001,
  volume =       32,
  number =       4,
  pages =        {365--402}}

@Manual{CoqManual,
  title = 	 {The Coq Proof Assistant Reference Manual},
  key =		 {COQ},
  author =	 {Coq Development Team},
  organization = {INRIA},
  note =	 {see \url{http://coq.inria.fr/doc/main.html}}}

@InProceedings{HuangFiedler:pvip97,
  author = 	 {Xiaorong Huang and Armin Fiedler},
  title = 	 {Proof Verbalization in {{\em PROVERB}}},
  crossref =  {PTP97},
  pages = 	 {35--36},
  year = 1997}

@inproceedings(ArmZin:timrs00,
   author = "Armando, Alessandro and Zini, Daniele",
   title = "{Towards Interoperable Mechanized Reasoning Systems: the
   Logic Broker Architecture}",
   booktitle = "to appear on the Proceedings of the AI*IA-TABOO Joint
 Workshop `From Objects to Agents: Evolutionary Trends of Software Systems'",
   editor = "Poggi, A.",
   address =      "Parma, Italy",
   month = may # "~29--30,",
   year = 2000)

@TechReport{Bray:XML97,
  key =          {Bray},
  author = 	 {Tim Bray and Jean Paoli and C. M. Sperberg-McQueen},
  title = 	 {{E}xtensible {M}arkup {L}anguage ({XML})},
  institution =  {World Wide Web Consortium},
  year = 	 1997,
  type =	 {W3C Recommendation},
  number =	 {TR-XML},
  month =	 {December},
  note =	 {Available at \url{http://www.w3.org/TR/REC-xml/}}}

@Book{CoFI:2004:CASL-RM,
  author =       "{CoFI (The Common Framework Initiative)}",
  title =        "\textsc{Casl} Reference Manual",
  year =         "2004",
  publisher =    "Springer",
  series =       "LNCS 2960 (IFIP Series)",
}

@techreport{CoFI98,
   author    = {CoFI, Language Design Task Group},
   title     = {CASL --- The {CoFI} Algebraic Specification Language --- Summary, 
version 1.0},
   institution = {{\tt http://www.brics.dk/Projects/CoFI}},
   year      = {1998}}

@inproceedings{HuangFiedler:pmfp96,
  author =  {Xiaorong Huang and Armin Fiedler},
  title = {Presenting Machine-Found Proofs},
  pages ={221--225},
  abstract = {This paper outlines an implemented system named PROVERB that transforms and
  abstracts machine-found proofs to natural deduction style proofs at an
  adequate level of abstraction and then verbalizes them in natural language.
  The abstracted proofs, originally employed only as an intermediate representation, also  prove to be useful for proof planning and proving by analogy.},
  crossref = {CADE96}}

@TechReport{Deach:exls99,
  key =          "XSL",
  author = 	 {Stephen Deach},
  title = 	 {Extensible Stylesheet Language (XSL) Specification},
  year = 	 1999,
  type =	 {W3C Working Draft},
  institution =  {W3C},
  note =	 {Available at \url{http://www.w3.org/TR/WD-xsl}}}

@TechReport{Clark:xslt99,
	key = "XSLT",
	editor = {James Clark},
	title = {XSLT Transformations (XSLT) Version 1.0},
	year = 1999,
	type = {W3C Recommendation},
	institution = {W3C},
	note = {Available at \url{http://www.w3.org/TR/xslt}}}

@InProceedings{DenCol:tpt00,
  author = 	 {Louise A. Dennis and  Graham Collins and  Michael Norrish and  Richard Boulton and  Konrad Slind and Graham Robinson and Mike Gordon and Tom Melham},
  title = 	 {The PROSPER Toolkit},
  crossref =	 {TACAS00}}

@TechReport{DeRDan:xpointer01,
  key =          "XPointer",
  author = 	 {Steve DeRose and Ron Daniel Jr. and Eve Maler},
  title = 	 {{XML} Pointer Language ({XPointer})},
  year = 	 2001,
  type =	 {W3C Candidate Recommendation},
  institution =  {W3C},
  note =	 {Available at \url{http://www.w3.org/TR/xptr}}}

@TechReport{McGvHa:owl04,
  key =          "OWL",
  editor = 	 {Deborah L. McGuinness and  van Harmelen, Frank},
  title = 	 {OWL Web Ontology Language Overview},
  year = 	 2004,
  month = February,
  type =	 {W3C Recommendation},
  institution =  {W3C},
  note =	 {Available at \url{http://www.w3.org/TR/owl-features/}}}

@TechReport{GroMal:xf03,
  author = 	 {Paul Grosso and Eve Maler and Jonathan Marsh and Norman Walsh},
  title = 	 {XPointer Framework},
  institution =  {World Wide Web Constortium W3C},
  type =         {W3C Recommendation},
  year = 	 2003,
  month =	 {25 March},
  annote =	 {Available at \url{http://www.w3.org/TR/xptr-framework}}
}

@TechReport{GroMal:xes03,
  author = 	 {Paul Grosso and Eve Maler and Jonathan Marsh and Norman Walsh},
  title = 	 {XPointer element() Scheme},
  institution =  {World Wide Web Constortium W3C},
  type =         {W3C Recommendation},
  year = 	 2003,
  month =	 {25 March},
  annote =	 {Available at \url{http://www.w3.org/TR/xptr-element}}
}

@TechReport{DeRDan:xxs03,
  author = 	 {Steven J. DeRose and Daniel, Ron Jr. and Jonathan Marsh and Norman Walsh},
  title = 	 {{XPointer} {\tt{xmlns()}} Scheme},
  institution =  {World Wide Web Constortium W3C},
  type =         {W3C Recommendation},
  year = 	 2003,
  month =	 {25 March},
  annote =	 {Available at \url{http://www.w3.org/TR/xptr-xmlns}}
}

@TechReport{DeRMal:xxs02,
  author = 	 {Steven J. DeRose and Eve Maler and Daniel, Ron Jr.},
  title = 	 {XPointer xpointer() Scheme},
  institution =  {World Wide Web Constortium W3C},
  year = 	 2002,
  type =         {W3C Working Draft},
  month =	 {19. December},
  annote =	 {Available at \url{http://www.w3.org/TR/xptr-xpointer}}
}


@TechReport{BerFie:uri98,
  author = 	 {Tim Berners-Lee and R. Fielding and L. Masinter},
  title = 	 {Uniform Resource Identifiers (URI), Generic Syntax},
  institution =  {Internt Engineering Task Force},
  year = 	 {1998},
  type =	 {RFC},
  number =	 2717,
  note =	 {available at \url{http://www.ietf.org/rfc/rfc2717.txt}}}

@InProceedings{BenzmuellerEtAl:otama97,
  author = 	 {C. Benzm{\"u}ller and L. Cheikhrouhou and D. Fehrer and A. Fiedler and
                  X. Huang and M. Kerber and M. Kohlhase and K. Konrad and E. Melis and A.
                  Meier and W. Schaarschmidt and J. Siekmann and V. Sorge},
  title = 	 {{$\Omega$\sc mega}: Towards a mathematical assistant},
  pages =   "252--255",
  crossref =  {CADE97},
  year = 	 1997}

@TechReport{OpenEBook:oeps99,
  key =          "OpeneBook",
  author = 	 {The {Open eBook} Group},
  title = 	 {Open eBook[tm] Publication Structure 1.0},
  institution =  {The {OpenEBook} Initiative},
  year = 	 1999,
  type =	 {Draft Recommendation},
  note =	 {Available at \url{http://www.openEbook.org}}}

@article{DuCharme:fddsj97,
  author = "DuCharme, Bob",
  title =  "Formatting Documents with DSSSL Specifications and Jade",
  journal = "The SGML Newsletter",
  volume = "10", 
  number = "5",
  year = "1997",
  pages = "6--10"}

@InProceedings{BouSli:aibcah98,
   author = "R. Boulton and K. Slind and A. Bundy and M. Gordon",
   title = "An Interface between {CLAM} and {HOL}",
   crossref="TPHOL98",
   pages = "87--104"}

@Unpublished{Kohlhase:corfl00,
  author = 	 {Michael Kohlhase},
  title = 	 {Creating {\sc OMDoc} representations from {\LaTeX}},
  note = 	 {Internet Draft available at \url{http://www.omdoc.org}},
  year =	 2000}

@InProceedings{RicSmaGre:ppihol98,
  author = 	 {Julian D.C. Richardson and Alan Smaill and Ian M. Green},
  title = 	 {System description: {P}roof planning in higher-order logic with $\lambda${\sl Clam}},
  crossref =	 {CADE98}}

@Techreport{BusCapCar:2oms04,
  key= {Caprotti},
  author = 	 {Stephen Buswell and Olga Caprotti and David P. Carlisle and Michael C. Dewar and Marc Gaetano and Michael Kohlhase},
  title = 	 {The {Open Math} Standard, Version 2.0},
  note = 	 {\url{http://www.openmath.org/standard/om20}},
  institution = {The Open Math Society},
  year =	 2004}

@Techreport{CapCarCoh:oms02,
  key= {Caprotti},
  editor = 	 {Olga Caprotti and David P. Carlisle and Arjeh M. Cohen},
  title = 	 {The {Open Math} Standard, Version 1.1b},
  note = 	 {{The Open Math Society},~\url{http://www.nag.co.uk/projects/OpenMath/omstd/}},
  year =	 2002}

@Unpublished{CapCoh:doms98,
  key= {Caprotti},
  author = 	 {Olga Caprotti and Arjeh M. Cohen},
  title = 	 {Draft of the {Open Math} Standard},
  note = 	 {{The Open Math Society},~\url{http://www.nag.co.uk/projects/OpenMath/omstd/}},
  year =	 1998}

@ARTICLE{Gentzen:uudlsiii35,
  AUTHOR    = {Gerhard Gentzen},
  TITLE     = {Untersuchungen {\"u}ber das logische {S}chlie{\ss}en {I} \& {II}},
  JOURNAL   = {Mathematische Zeit\-schrift},
  YEAR      = {1935},
  VOLUME    = {39},
  PAGES     = {176--210, 572--595}}

@Book{Knuth:ttb84,
  author =	 {Donald E. Knuth},
  title = 	 {The {\TeX}book},
  publisher = 	 {Addison Wesley},
  year = 	 1984}

@article{AnBi:tatps96,
   author = {Peter B. Andrews and  Matthew Bishop and Sunil Issar and Dan Nesmith and
                  Frank Pfenning and Hongwei Xi},
   journal = {Journal of Automated Reasoning},
   pages = {321--353},
   title = {{TPS: A} Theorem-Proving System for Classical Type Theory},
   volume = 16,
   year = 1996}

@TechReport{Kohlhase:otormd00,
  author = 	 {Michael Kohlhase},
  title = {{\sc OMDoc}: An Open Markup Format for Mathematical Documents},
  INSTITUTION = {Fachbereich Informatik, Universit{\"a}t des Saarlandes}, 
  TYPE = {Seki Report},        
  NUMBER = {SR-00-02},
  note = 	 {\url{http://www.omdoc.org}},
  year =	 2000}

@INPROCEEDINGS{HuSe:itng96,
  AUTHOR        = "Hutter, Dieter and Sengler, Claus",
  CROSSREF      = "CADE96",
  TITLE         = "{INKA - The Next Generation}",
  PAGES         = "288--292"}

@misc{BosHak:css98,
  editor = 	 {Bert Bos and H\oakon Wium Lie and Chris Lilley and Ian Jacobs},
  key =          {Bos},
  title = 	 {Cascading Style Sheets, level 2; {CSS2} Specification},
  institution =  {World Wide Web Consortium (W3C)},
  year = 	 1998,
  type =	 {W3C Recommendation},
  note =	 {available as \url{http://www.w3.org/TR/1998/REC-CSS2-19980512}}}

@Misc{Clark:assxd99,
  editor = 	 {James Clark},
  key =          {Clark},
  title = 	 {Associating Style Sheets with {XML} Documents Version 1.0},
  institution =  {World Wide Web Consortium (W3C)},
  year = 	 1999,
  type =	 {W3C Recommendation},
  note =	 {available as \url{http://www.w3.org/TR/xml-stylesheet}}}

@MastersThesis{Baur:susmt99,
  author = 	 {Judith Baur},
  title = 	 {{Syntax und Semantik mathematischer Texte --- ein Prototyp}},
  school = 	 {Saarland University},
  year = 	 {1999}}

@InProceedings{Fiedler:uacatp99,
  author = 	 {Armin Fiedler},
  title = 	 {Using a Cognitive Architecture to Plan Dialogs for the Adaptive Explanation of Proofs},
  crossref =  {IJCAI99},
  pages = 	 {358--363}}

@TechReport{RagHor:html98,
  key =          {Raggett},
  author = 	 {Dave Raggett and Arnaud Le Hors and   Ian Jacobs},
  title = 	 {{HTML} 4.0 {S}pecification},
  institution =  {World Wide Web Consortium},
  year = 	 1998,
  type =	 {W3C Recommendation},
  number =	 {REC-html40},
  month =	 {April},
  note =	 {Available at \url{http://www.w3.org/TR/PR-xml.html}}}

@Proceedings{PTP97,
  title = 	 {Proceedings of the First International Workshop on Proof Transformation and Presentation},
  booktitle = 	 {Proceedings of the First International Workshop on Proof Transformation and Presentation},
  year = 	 1997,
  editor =	 {J. Siekmann and F. Pfenning and X. Huang},
  address =	 {Schloss Dagstuhl, Germany}}

@Article{FaGu93,
  author = 	 "William M. Farmer and Joshua D. Guttman and F. Javier Thayer",
  title = 	 "{IMPS}: An {I}nteractive {M}athematical {P}roof {S}ystem",
  journal =	 "Journal of Automated Reasoning",
  year =	 1993,
  volume =	 11,
  number =	 2,
  pages =	 "213--248",
  month =	 "October"}

@InProceedings{Farmer93,
  author = 	 "William M. Farmer",
  title = 	 "Theory Interpretation in Simple Type Theory",
  year = 1993,
  crossref =	 "HOA93"}

@INCOLLECTION{Bruijn80,
   AUTHOR    = {Nicolaas Govert de Bruijn},
   TITLE     = {A Survey of the Project {AUTOMATH}},
   crossref = {HiSe80},
   YEAR      = {1980},
   PAGES     = {579--606}}

@TechReport{CarIon:MathML01,
  key =          {MathML2.0},
  author = 	 {David Carlisle and Patrick Ion and Robert Miner and Nico Poppelier},
  title = 	 {{M}athematical {M}arkup {L}anguage  ({MathML}) Version 2.0},
  institution =  {World Wide Web Consortium},
  year = 	 2001,
  type =	 {W3C Recommendation},
  note =	 {Available at {http://www.w3.org/TR/MathML2}}}




@TechReport{CarIon:MathML03,
  key =          {Carlisle},
  editor = 	 {David Carlisle and Patrick Ion and Robert Miner and Nico Poppelier},
  author =       {Ron Ausbrooks and Stephen Buswell and David Carlisle and
                  St\'ephane Dalmas and Stan Devitt and Angel Diaz and Max
                  Froumentin and Roger Hunter and Patrick Ion and Michael Kohlhase
                  and Robert Miner and Nico Poppelier and Bruce Smith and Neil
                  Soiffer and Robert Sutor and Stephen Watt},
  title = 	 {{M}athematical {M}arkup {L}anguage ({MathML}) Version 2.0
                  (second edition)},
  institution =  {World Wide Web Consortium},
  year = 	 2003,
  type =	 {W3C Recommendation},
  note =	 {Available at {http://www.w3.org/TR/MathML2}}}

@Book{Thompson91,
  author = 	 "Simon Thompson",
  title = 	 "Type Theory and Functional Programming",
  publisher = 	 "Addison-Wesley",
  year = 	 1991,
  series =	 "International Computer Science Series",
  annote =	 "ISBN 0-201-41667-0"}

@InProceedings{SieBen:acgap00,
  author = 	 {J\"org Siekmann and Christoph Benzm\"uller and Lassaad Cheikhrouhou and
                  Armin Fiedler and Andreas Franke and Helmut Horacek and
                  Michael Kohlhase and Andreas Meier and Erica Melis and Martin Pollet and
                  Volker Sorge and Carsten Ullrich and J\"urgen Zimmer},
  title = 	 {Adaptive Course Generation and Presentation},
  booktitle = 	 {Proceedings of {ITS-2000} workshop on Adaptive and Intelligent Web-Based Education Systems},
  year =	 2000,
  editor =	 {P. Brusilovski},
  address =	 {Montreal}}

@InProceedings{Fiedler:ddaoeo01,
  author = 	 {Armin Fiedler},
  title = 	 {Dialog-driven Adaptation of Explanations of Proofs},
  booktitle = 	 {Proceedings of the 17th {I}nternational {J}oint {C}onference on {A}rtificial {I}ntelligence ({IJCAI})},
  crossref =	 {IJCAI01},
  pages =	 {1295--1300}}


@article{Kohlhase:oaifocdi00,
  author = 	 {Michael Kohlhase},
  title = 	 {{\sc OMDoc}: An Infrastructure for {\sc OpenMath} Content Dictionary
  Information},
  journal = 	 {Bulletin of the ACM Special Interest Group on Symbolic and Automated Mathematics (SIGSAM)},
  volume =       {34},
  number =       {2},
  pages =        {43--48},
  year =	 2000}

@InProceedings{FraKoh:mabdl99,
  author = 	 {Andreas Franke and Michael Kohlhase},
  title = 	 {System Description: {\sc MathWeb}, an Agent-Based Communication Layer for Distributed Automated Theorem
  Proving},
  pages= {217--221},
  crossref = 	 {CADE99}}

@Book{CohCuySterk:ida99,
  author =	 {Arjeh Cohen and Hans Cuypers and Hans Sterk},
  title = 	 {Algebra Interactive!},
  publisher = 	 {Springer Verlag},
  year = 	 1999,
  note =	 {Interactive Book on CD}}

@InProceedings{FiedlerHoracek:aietlp01,
  author = 	 {Armin Fiedler and Helmut Horacek},
  title = 	 {Argumentation in Explanations to Logical Problems},
  booktitle = 	 {Computational Science --- ICCS 2001},
  crossref =	 {ICCS01},
  pages =	 {969--978}}

@Book{Lamport:ladps94,
  author =	 {Leslie Lamport},
  title = 	 {{\LaTeX}: A Document Preparation System, 2/e},
  publisher = 	 {Addison Wesley},
  year = 	 1994}

@proceedings{CADE99,
   key =      "CADE99",
   booktitle = {Automated Deduction --- {CADE}-16},
   title = {Automated Deduction --- {CADE}-16},
   publisher = {Springer Verlag},
   series = {LNAI},
   editor = {Harald Ganzinger},
   number = {1632},
   year = {1999}}

@proceedings{CADE98,
   key =      "CADE98",
   booktitle = {Proceedings of the 15th {C}onference on {A}utomated {D}eduction},
   title = {Proceedings of the 15th {C}onference on {A}utomated {D}eduction},
   publisher = {Springer Verlag},
   series = {LNAI},
   editor = {Claude Kirchner and H{\'e}l{\`e}ne Kirchner},
   number = {1421},
   year = {1998}}

@proceedings{CADE97,
   key =      "CADE97",
   booktitle = {Proceedings of the 14th {C}onference on {A}utomated {D}eduction},
   title = {Proceedings of the 14th {C}onference on {A}utomated {D}eduction},
   publisher = {Springer Verlag},
   series = {LNAI},
   editor = {William McCune},
   number = {1249},
   year = {1997},
   address = {Townsville, Australia}}

@Book{AbramskyEtAl:holics92,
  editor =	 {S. Abramsky and D. M. Gabbay and T. S. E. Maibaum},
  title = 	 {Handbook of Logic in Computer Science},
  publisher = 	 {Oxford University Press},
  year = 	 1992}

@proceedings{CADE92,
   key =      "CADE92",
   address = {Saratoga Spings, NY, USA},
   booktitle = {Proceedings of the 11th Conference on Automated Deduction},
   title = {Proceedings of the 11th Conference on Automated Deduction},
   editor = {D. Kapur},
   pages = {66--78},
   publisher = {Springer Verlag},
   series = {LNCS},
   volume = {607},
   year = {1992}}

@PROCEEDINGS{TPHOL98,
KEY = {TPHOL98},
TITLE     = {Theorem Proving in Higher Order Logics: Emerging Trends},
BOOKTITLE     = {Theorem Proving in Higher Order Logics: Emerging Trends},
EDITOR        = {Jim Grundy and Malcolm Newey}, 
PUBLISHER     = {The Australian National University},
ADDRESS       = {Canberra, Australia},
MONTH         = {October},
YEAR          = 1998,
SERIES        = {Technical Report 98-08, Department of Computer Science and Computer Science Lab},
BIBTYPE       = {PROCEEDINGS}}

@Proceedings{TACAS00,
  title = 	 {Proceedings of the Sixth International Conference on Tools and 
                  Algorithms for the Construction and Analysis of Systems TACAS-2000},
  booktitle = 	 {Proceedings of the Sixth International Conference on Tools and 
                  Algorithms for the Construction and Analysis of Systems, TACAS-2000},
  year = 	 2000,
  key =		 {TACAS00},
  series =	 {LNCS},
  address =	 {Berlin, Germany},
  publisher =	 {Springer Verlag}}

@book{HiSe80,
   editor = {R. Hindley and J. Seldin},
   publisher = {Academic Press},
   booktitle = {To H.B. Curry: Essays in Combinator Logic, Lambda Calculus and Formalisms},
   year = {1980}}

@Proceedings{HOA93,
  key =          "HOA93",
  booktitle = 	 "HOA'93, an International Workshop on Higher-order Algebra, Logic and Term Rewriting",
  series =       "LNCS",
  volume =       816,
  publisher =    "Springer Verlag",
  year = 	 1993,
  address =	 "Amsterdam, The Netherlands"}

@Proceedings{IJCAI01,
  key =      "IJCAI01",
  booktitle = 	 "Proceedings of the 17th {I}nternational {J}oint {C}onference on {A}rtificial {I}ntelligence ({IJCAI})",
  year = 	 2001,
  editor =	 "Bernhard Nebel",
  publisher =	 "Morgan Kaufmann",
  address =	 "Seattle, WA"}

@proceedings{CADE00,
   booktitle = {{A}utomated {D}eduction -- CADE-17},
   key =      "CADE00",
   title = {{A}utomated {D}eduction -- CADE-17},
   publisher = {Springer Verlag},
   series = {LNAI},
   number  = {1831},
   editor = {David McAllester},
   year = {2000}}

@Proceedings{ICCS01,
  title = 	 {Computational Science --- ICCS 2001},
  year = 	 2001,
  key =		 {ICCS01},
  editor =	 {Vassil N. Alexandrov and Jack J. Dongarra and Benjoe A. Juliano and Ren{\`e} S. Renner and C. J. Kenneth Tan},
  number =	 2074,
  series =	 {LNCS},
  address =	 {San Francisco, CA},
  publisher =	 {Springer Verlag}}

@Proceedings{IJCAI99,
  key =      "IJCAI99",
  booktitle = 	 "Proceedings of the 16th {I}nternational {J}oint {C}onference on {A}rtificial {I}ntelligence ({IJCAI})",
  year = 	 1999,
  editor =	 "Thomas Dean",
  publisher =	 "Morgan Kaufmann",
  address =	 "Stockholm, Sweden"}

@Article{activemathAIEDJ01, 
  author = {E. Melis and J. Buedenbender E. Andres and Adrian
            Frischauf and G. Goguadze and P. Libbrecht and M. Pollet 
            and C. Ullrich}, 
  title = {The {\sc{ActiveMath}} Learning Environment}, 
  journal = {Artificial Intelligence and Education}, 
  year = {2001}, 
  volume = {12}, 
  number = {4}, 
  month = {winter 2001} }

@proceedings{CADE96,
   key =      "CADE96",
   booktitle = {Proceedings of the 13th Conference on Automated Deduction},
   title = {Proceedings of the 13th Conference on Automated Deduction},
   publisher = {Springer Verlag},
   series = {LNAI},
   editor = {M.A. McRobbie and J.K. Slaney},
   number = {1104},
   year = {1996},
   address = {New Brunswick, NJ, USA}}

%%%%%%%%%%%%%%%%%%%%%%%%%%%%%%%%%%%%%%% for the projects %%%%%%%%%%%%%%%%%%%%%%%%%%%%%%%%%%%%%%%%%%%%%%%%%
%%%% needs to be synchronized with the above
%%%%%%%%%%%%%%%%%%%%%%%%%%%%%%%%%%%%%%% for the projects %%%%%%%%%%%%%%%%%%%%%%%%%%%%%%%%%%%%%%%%%%%%%%%%%

@inproceedings{INKA5,
  author="S. Autexier and D. Hutter and H. Mantel and A. Schairer",
  title="System description: {INKA} 5.0 -- a logical voyager",
  editor="H. Ganzinger", 
  booktitle="16th International Conference on Automated Deduction, CADE-16", 
  address="Trento",
  volume="1732",
  series="Lecture Notes in Artificial Intelligence",
  year=1999,
  publisher="Springer"}






@Proceedings{MKM03,
  title = 	 {Mathematical Knowledge Management, MKM'03},
  booktitle = 	 {Mathematical Knowledge Management, MKM'03},
  year = 	 2003,
  editor =	 {Andrea Asperti},
  series =	 {LNAI},
  number =       2594,
  publisher =	 {Springer Verlag}}
@proceedings{CADE02,
   key =      "CADE2002",
   booktitle = {Proceedings of the 18th International Conference on {A}utomated {D}eduction},
   title = {Proceedings of the 18th International Conference on {A}utomated {D}eduction},
   publisher = {Springer Verlag},
   series = {LNAI},
   number  = {2392},
   editor = {Andrei Voronkov},
   year = {2002}}

@Proceedings{MKM01,
  title = 	 {Electronic Proceedings of the First International Workshop on Mathematical Knowledge Management: MKM'2001},
  booktitle = 	 {Electronic Proceedings of the First International Workshop on Mathematical Knowledge Management: MKM'2001},
  year = 	 2001,
  editor =	 {Bruno Buchberger and Olga Caprotti},
  note = {\url{http://www.risc.uni-linz.ac.at/institute/conferences/MKM2001/Proceedings/}}}

@Proceedings{FROCOS02,
  title = 	 {Frontiers of Combinning Systems (FROCOS'02)},
  booktitle = 	 {Frontiers of Combinning Systems (FROCOS'02)},
  year = 	 2002,
  key 	=	 {FROCOS2002},
  editor =	 {Alessandro Armando},
  series =	 {LNAI},
  number =       2309,
  publisher =	 {Springer}
}

@Proceedings{FOSSACS02,
  title = 	 {Foundations of Software   Science and Computation Structures (FOSSACS02)},
  booktitle = 	 {Foundations of Software   Science and Computation Structures (FOSSACS02)},
  year = 	 2002,
  key =		 {FOSSACS02},
  editor =	 {Mogens Nielsen and Uffe Engberg},
  number =	 2303,
  series =	 {LNCS},
  publisher =	 {Springer}}

@Proceedings{FASE01,
  booktitle =	 {Fundamental Approaches to Software Engineering (FASE 2001)},
  title =	 {Fundamental Approaches to Software Engineering (FASE 2001)},
  year = 	 2001,
  key =		 {FASE01},
  editor =	 {H. Hu{\ss}mann},
  number =	 2029,
  series =	 {LNCS},
  publisher =	 {Springer}}

@PROCEEDINGS{TPHOL01,
  KEY = {TPHOLS2001},
  TITLE     = {Theorem Proving in Higher Order Logics: TPHOLs'01},
  BOOKTITLE     = {Theorem Proving in Higher Order Logics: TPHOLs'01},
  editor = {Richard. J. Boulton, Paul B. Jackson},
  series = {LNCS},
  volume =  2152, 
  year = 2001,
  publisher = {Springer}}

@Proceedings{MathML02,
  title = 	 {Second International Conference on MathML and Technologies for Math on the Web},
  booktitle = 	 {Second International Conference on MathML and Technologies for Math on the Web},
  year = 	 2002,
  address =	 {Chicago, USA}
}

@Proceedings{MKM04,
  title = 	 {Mathematical Knowledge Management, MKM'04},
  booktitle = 	 {Mathematical Knowledge Management, MKM'04},
  year = 	 2004,
  editor =	 {Andrea Asperti and Grzegorz Bancerek and Andrej Trybulec},
  series =	 {LNCS},
  number =       {3119},
  publisher =	 {Springer Verlag}
}

@Proceedings{CALCULEMUS03,
  booktitle = {Proceedings of the 11th Symposium on the Integration of Symbolic Computation and Mechanized Reasoning (Calculemus-2000)},
  editor =  {Th\'er\`ese Hardin and Renaud Rioboo},
  note = {avaialble at \url{http://ftp.lip6.fr/lip6/reports/2003/lip6.2003.010.pdf}},
  year =    2003
}


@proceedings{MICAI2004,
  editor    = {Raul Monroy and
               Gustavo Arroyo-Figueroa and
               Luis Enrique Sucar and
               Juan Humberto Sossa Azuela},
  title     = {MICAI 2004: Advances in Artificial Intelligence, Third Mexican
               International Conference on Artificial Intelligence, Mexico City,
               Mexico, April 26-30, 2004, Proceedings},
  booktitle = {MICAI},
  publisher = {Springer},
  series    = {Lecture Notes in Computer Science},
  volume    = {2972},
  year      = {2004},
  isbn      = {3-540-21459-3}
}


@mastersthesis{NRM:DA05,
  author = {Normen M{\"u}ller},
  title  = {{OMDoc}-Repr{\"a}sentation von Programmen und Beweisen in {VeriFun}},
  year   = {2005},
  school = {Programmiermethodik, Technische Universit{\"a}t Darmstadt}
}

@INPROCEEDINGS{MMISS-WADT03,
  author = {B. Krieg-Br{\"u}ckner and D. Hutter and A. Lindow and C. L{\"u}th and A. Mahnke and E. Melis and P. Meier and A. Poetzsch-Heffter and M. Roggenbach and G. Russell and J.-G. Smaus and M. Wirsing},
  title = {MultiMedia {I}nstruction in {S}afe and {S}ecure {S}ystems},
  booktitle = {Recent Trends in Algebraic Development Techniques, 16th International Workshop (WADT 2002)},
  year = {2003},
  editor = {M. Wirsing and D. Pattinson, R. Hennicker},
  volume = {2755},
  series = {Lecture Notes in Computer Science},
  pages = {82-117},
  publisher = {Springer-Verlag Heidelberg},
  isbn = {3-540-20537-3},
  pdfurl = {http://www.informatik.uni-bremen.de/mmiss/papers/wadt02.pdf},
  status = {Reviewed},
}

@INPROCEEDINGS{SemInter-DELFI04,
  author = {B. Krieg-Br{\"u}ckner and A. Lindow and C. L{\"u}th and A. Mahnke and G. Russell},
  title = {Semantic {I}nterrelation of {D}ocuments via an {O}ntology},
  booktitle = {DeLFI 2004, Tagungsband der 2. e-Learning Fachtagung Informatik, 6.-8. September 2004, Paderborn, Germany},
  year = {2004},
  editor = {G. Engels and S. Seehusen},
  volume = {P-52},
  series = {Lecture Notes in Informatics},
  pages = {271--282},
  publisher = {Springer-Verlag Heidelberg},
  isbn = {3-88579-381-4},
  status = {Reviewed},
}

@INPROCEEDINGS{WOSE-2004,
  author = {A. Mahnke and B. Krieg-Br{\"u}ckner},
  title = {Literate {O}ntology {D}evelopment},
  booktitle = {On the Move to Meaningful Internet Systems 2004: OTM 2004 Workshops},
  year = {2004},
  editor = {Robert Meersman and Zahir Tari and Angelo Corsaro et al.},
  volume = {3292},
  series = {Lecture Notes in Computer Science},
  pages = {753-757},
  publisher = {Springer; Berlin; http://www.springer.de},
  keywords = {ontology development},
  status = {Reviewed},
}

@TECHREPORT{MMISS-TechReport04,
  author = {B. Krieg-Br{\"u}ckner and B. Kr{\"a}mer and D. Basin and J. Siekmann and M. Wirsing},
  title = {MultiMedia {I}nstruction in {S}afe and {S}ecure {S}ystems},
  institution = {University Bremen},
  year = {2004},
  type = {Final report},
  note = {BMBF project 01NM070, 2001-2004}
}




  
  






    






@Proceedings{MKM05,
  title = 	 {Mathematical Knowledge Management, MKM'05},
  booktitle = 	 {Mathematical Knowledge Management, MKM'05},
  year = 	 2005,
  editor =	 {Michael Kohlhase},
  series =	 {LNAI/LNCS forthcoming},
  number =       {3863},
  publisher =	 {Springer Verlag}
}

@proceedings{CADE94,
   key =      "CADE1994",
   title = {Proceedings of the 12th {C}onference on {A}utomated {D}eduction},
   booktitle = {Proceedings of the 12th {C}onference on {A}utomated {D}eduction},
   series = {LNAI},
   editor = {Alan Bundy},
   publisher = {Springer Verlag},
   number = {814},
   year = {1994},
   address = {Nancy, France}
}
@Proceedings{CALCULEMUS00,
  booktitle = {Proceedings of the 8th Symposium on the Integration of Symbolic Computation and Mechanized Reasoning (Calculemus-2000)},
  editor =  {Manfred Kerber and Michael Kohlhase},
  year =    2000,
  address = {St. Andrews, Scotland},
  publisher = {AKPeters},
}


@Proceedings{MKM06,
  title = 	 {Mathematical Knowledge Management, MKM'06},
  booktitle = 	 {Mathematical Knowledge Management, MKM'06},
  year = 	 2006,
  editor =	 {Jon Borwein and William M. Farmer},
  series =	 {LNAI},
  number =       {4108},
  note = {in press},
  publisher =	 {Springer Verlag}
}

@misc{schaffert06:learning-with-semantic-wikis,
    author={Sebastian Schaffert and Diana Bischof and Tobias B{\"{u}}rger and Andreas Gruber and Wolf Hilzensauer and Sandra Schaffert},
    title={Learning with Semantic Wikis},
    year={2006},
    institution={Salzburg {Research} {Forschungsgesellschaft}},
    howpublished = {\url{http://www.wastl.net/download/paper/Schaffert06\_SemWikiLearning.pdf}},
    url={http://www.wastl.net/download/paper/Schaffert06\_SemWikiLearning.pdf}
}

@misc{TolPas06:wikis-semantic-hypermedia,
    author={Robert Tolksdorf and Elena Paslaru Bontas},
    title={Towards Wikis as Semantic Hypermedia},
    year={2006},
    institution={Freie {Universit\"{a}t} {Berlin}},
    howpublished = {\url{http://stoc.ag-nbi.de/papers/semwikidesign.pdf}},
    url={http://stoc.ag-nbi.de/papers/semwikidesign.pdf}
}

@TechReport{schaffert06:ikewiki,
  author = 	 {Sebastian Schaffert},
  title = 	 {{IkeWiki}: A Semantic Wiki for Collaborative Knowledge Management},
  institution =  {Salzburg Research Forschungsgesellschaft},
  year = 	 {2006},
  URL = {http://www.wastl.net/download/paper/schaffert06\_ikewiki.pdf}
}

@misc{wikipedia,
  key = {Wikipedia},
  editor = {Wikimedia Foundation},
  title = {Wikipedia, the free encyclopedia},
  howpublished = {\url{http://www.wikipedia.org}},
  url = {http://www.wikipedia.org},
}

@misc{cunningham:wiki-design-principles,
  author = {Ward Cunningham and others},
  title = {Wiki Design Principles},
  month = {last edited February},
  year = {2006},
  howpublished = {\url{http://c2.com/cgi/wiki?WikiDesignPrinciples}},
  url = {http://c2.com/cgi/wiki?WikiDesignPrinciples},
}

@misc{voelkel06:semanticwikistateoftheart,
  author = {Max V{\"o}lkel and Malte Kiesel and Sebastian Schaffert and Bj{\"{o}}rn Decker and Eyal Oren},
  title = {Semantic Wiki State of The Art Paper},
  type = {draft},
  year = 2006,
  howpublished={\url{http://wiki.ontoworld.org/index.php/Semantic\_Wiki\_State\_of\_The\_Art\_Paper}},
  url={http://wiki.ontoworld.org/index.php/Semantic\_Wiki\_State\_of\_The\_Art\_Paper}
}

@misc{lomas05:social-bookmarking,
    author={Cyprien Lomas},
    title={7 things you should know about social bookmarking},
    year={2005},
    organization={EDUCAUSE Learning Initiative},
    url={http://www.educause.edu/ir/library/pdf/ELI7001.pdf},
    howpublished={\url{http://www.educause.edu/ir/library/pdf/ELI7001.pdf}}
}

@inproceedings{voelkel06:semanticwikipedia,
 author = {Max V{\"{o}}lkel and Markus Kr{\"{o}}tzsch and Denny Vrande{\v{c}}i{\'{c}} and Heiko Haller},
 title = {Semantic {Wikipedia}},
 booktitle = {Proceedings of the 15th international conference on World Wide Web, WWW 2006, Edinburgh, Scotland, May 23-26, 2006},
 month = may,
 howpublished = {\url{http://www.aifb.uni-karlsruhe.de/WBS/hha/papers/SemanticWikipedia.pdf}},
 url = {http://www.aifb.uni-karlsruhe.de/WBS/hha/papers/SemanticWikipedia.pdf},
 year = {2006},
}

@MISC{qed,
    title = {The {QED} Project},
    howpublished = {\url{http://www-unix.mcs.anl.gov/qed/}},
    url = {http://www-unix.mcs.anl.gov/qed/},
    year = 1996,
    key = {QED96},
}

@inproceedings{Groza:SALT07,
  author    = {Tudor Groza and
               Siegfried Handschuh and
               Knud M{\"o}ller and
               Stefan Decker},
  title     = {{SALT} -- Semantically Annotated {\LaTeX} for Scientific Publications},
  pages     = {518--532},
  crossref  = {eswc2007}
}

@InProceedings{Groza:SALT-claims07,
  author =   {Tudor Groza and Knud M{\"o}ller and Siegfried Handschuh and Diana Trif and Stefan Decker},
  title =    {{SALT}: Weaving the Claim Web},
  crossref =     {iswc2007},
  pages =    {197--210},
}

